@article{Lorenz1980,
  title = {Attractor Sets and Quasi-Geostrophic Equilibrium},
  volume = {37},
  ISSN = {1520-0469},
  DOI = {10.1175/1520-0469(1980)037<1685:asaqge>2.0.co;2},
  number = {8},
  journal = {Journal of the Atmospheric Sciences},
  publisher = {American Meteorological Society},
  author = {Lorenz,  Edward N.},
  year = {1980},
  month = aug,
  pages = {1685â€“1699}
}

@book{Vallis2017,
  title = {Atmospheric and Oceanic Fluid Dynamics: Fundamentals and Large-Scale Circulation},
  ISBN = {9781107588417},
  DOI = {10.1017/9781107588417},
  publisher = {Cambridge University Press},
  author = {Vallis,  Geoffrey K.},
  year = {2017},
  month = jun 
}