% Artigos-base
@article{Chekroun2021,
  author    = {Chekroun, Mickaël D. and Liu, Honghu and McWilliams, James C.},
  title     = {Stochastic rectification of fast oscillations on slow manifold closures},
  journal   = {Proceedings of the National Academy of Sciences},
  volume    = {118},
  number    = {48},
  year      = {2021},
  month     = nov,
  issn      = {1091-6490},
  doi       = {10.1073/pnas.2113650118},
  url       = {http://dx.doi.org/10.1073/pnas.2113650118},
  publisher = {Proceedings of the National Academy of Sciences}
}

@article{Chekroun2017,
  author    = {Chekroun, Mickaël D. and Liu, Honghu and McWilliams, James C.},
  title     = {The emergence of fast oscillations in a reduced primitive equation model and its implications for closure theories},
  journal   = {Computers \& Fluids},
  volume    = {151},
  pages     = {3--22},
  year      = {2017},
  month     = jun,
  issn      = {0045-7930},
  doi       = {10.1016/j.compfluid.2016.07.005},
  url       = {http://dx.doi.org/10.1016/j.compfluid.2016.07.005},
  publisher = {Elsevier BV}
}

% Exemplos de MZ
@article{Chorin2002,
  author    = {Alexandre J. Chorin and Ole H. Hald and Raz Kupferman},
  title     = {Optimal prediction with memory},
  journal   = {Physica D: Nonlinear Phenomena},
  volume    = {166},
  number    = {3},
  pages     = {239--257},
  year      = {2002},
  issn      = {0167-2789},
  doi       = {10.1016/S0167-2789(02)00446-3},
  url       = {https://www.sciencedirect.com/science/article/pii/S0167278902004463}
}

@article{Chorin2000,
  author    = {Alexandre J. Chorin and Ole H. Hald and Raz Kupferman},
  title     = {Optimal prediction and the Mori--Zwanzig representation of irreversible processes},
  journal   = {Proceedings of the National Academy of Sciences},
  volume    = {97},
  number    = {7},
  pages     = {2968--2973},
  year      = {2000},
  doi       = {10.1073/pnas.97.7.2968},
  url       = {https://www.pnas.org/doi/abs/10.1073/pnas.97.7.2968},
  eprint    = {https://www.pnas.org/doi/pdf/10.1073/pnas.97.7.2968}
}

@article{Gouasmi2017,
  author    = {Gouasmi, Ayoub and Parish, Eric J. and Duraisamy, Karthik},
  title     = {\textit{A priori} estimation of memory effects in reduced-order models of nonlinear systems using the Mori--Zwanzig formalism},
  journal   = {Proceedings of the Royal Society A: Mathematical, Physical and Engineering Sciences},
  volume    = {473},
  number    = {2205},
  pages     = {20170385},
  year      = {2017},
  doi       = {10.1098/rspa.2017.0385},
  url       = {https://royalsocietypublishing.org/doi/abs/10.1098/rspa.2017.0385},
  eprint    = {https://royalsocietypublishing.org/doi/pdf/10.1098/rspa.2017.0385}
}

@article{rackauckas2017differentialequations,
  title={Differential{E}quations.jl--a performant and feature-rich ecosystem for solving differential equations in {J}ulia},
  author={Rackauckas, Christopher and Nie, Qing},
  journal={Journal of Open Research Software},
  volume={5},
  number={1},
  year={2017},
  publisher={Ubiquity Press}
}
