@article{Lorenz1980,
  title = {Attractor Sets and Quasi-Geostrophic Equilibrium},
  volume = {37},
  ISSN = {1520-0469},
  DOI = {10.1175/1520-0469(1980)037<1685:asaqge>2.0.co;2},
  number = {8},
  journal = {Journal of the Atmospheric Sciences},
  publisher = {American Meteorological Society},
  author = {Lorenz,  Edward N.},
  year = {1980},
  month = aug,
  pages = {1685–1699}
}

@book{Vallis2017,
  title = {Atmospheric and Oceanic Fluid Dynamics: Fundamentals and Large-Scale Circulation},
  ISBN = {9781107588417},
  DOI = {10.1017/9781107588417},
  publisher = {Cambridge University Press},
  author = {Vallis,  Geoffrey K.},
  year = {2017},
  month = jun 
}

@article{Rackauckas2017,
  title={Differential{E}quations.jl--a performant and feature-rich ecosystem for solving differential equations in {J}ulia},
  author={Rackauckas, Christopher and Nie, Qing},
  journal={Journal of Open Research Software},
  volume={5},
  number={1},
  year={2017},
  publisher={Ubiquity Press}
}

@article{Chekroun2021,
  author    = {Chekroun, Mickaël D. and Liu, Honghu and McWilliams, James C.},
  title     = {Stochastic rectification of fast oscillations on slow manifold closures},
  journal   = {Proceedings of the National Academy of Sciences},
  volume    = {118},
  number    = {48},
  year      = {2021},
  month     = nov,
  issn      = {1091-6490},
  doi       = {10.1073/pnas.2113650118},
  url       = {http://dx.doi.org/10.1073/pnas.2113650118},
  publisher = {Proceedings of the National Academy of Sciences}
}
