% Livros TCC
@book{Chekroun2015A,
  author    = {Chekroun, Mickaël D. and Liu, Honghu and Wang, Shouhong},
  title     = {Approximation of Stochastic Invariant Manifolds: Stochastic Manifolds for Nonlinear SPDEs I},
  journal   = {SpringerBriefs in Mathematics},
  year      = {2015},
  publisher = {Springer International Publishing},
  isbn      = {9783319124964},
  issn      = {2191-8201},
  doi       = {10.1007/978-3-319-12496-4},
  url       = {http://dx.doi.org/10.1007/978-3-319-12496-4}
}

@book{Chekroun2015B,
  author    = {Chekroun, Mickaël D. and Liu, Honghu and Wang, Shouhong},
  title     = {Stochastic Parameterizing Manifolds and Non-Markovian Reduced Equations: Stochastic Manifolds for Nonlinear SPDEs II},
  journal   = {SpringerBriefs in Mathematics},
  year      = {2015},
  publisher = {Springer International Publishing},
  isbn      = {9783319125206},
  issn      = {2191-8201},
  doi       = {10.1007/978-3-319-12520-6},
  url       = {http://dx.doi.org/10.1007/978-3-319-12520-6}
}

@book{Pavliotis2008,
  author    = {Pavliotis, Grigorios A. and Stuart, Andrew},
  title     = {Multiscale Methods: Averaging and Homogenization},
  journal   = {Springer Science \& Business Media},
  volume    = {53},
  year      = {2008},
  publisher = {Springer Science \& Business Media}
}

% Mori-Zwanzig
@book{Chorin2013,
  author    = {Chorin, Alexandre J. and Hald, Ole H.},
  title     = {Stochastic Tools in Mathematics and Science},
  journal   = {Texts in Applied Mathematics},
  year      = {2013},
  publisher = {Springer New York},
  isbn      = {9781461469803},
  issn      = {2196-9949},
  doi       = {10.1007/978-1-4614-6980-3},
  url       = {http://dx.doi.org/10.1007/978-1-4614-6980-3}
}

% Curso SDE
@book{Evans2014,
  author    = {Evans, Lawrence C.},
  title     = {An Introduction to Stochastic Differential Equations},
  year      = {2014},
  month     = jan,
  address   = {Providence, RI},
  publisher = {American Mathematical Society}
}

@book{Pavliotis2014,
  title = {Stochastic Processes and Applications: Diffusion Processes,  the Fokker-Planck and Langevin Equations},
  ISBN = {9781493913237},
  ISSN = {2196-9949},
  url = {http://dx.doi.org/10.1007/978-1-4939-1323-7},
  DOI = {10.1007/978-1-4939-1323-7},
  journal = {Texts in Applied Mathematics},
  publisher = {Springer New York},
  author = {Pavliotis,  Grigorios A.},
  year = {2014}
}


@book{Baldi2017,
  title = {Stochastic Calculus},
  ISBN = {9783319622262},
  ISSN = {2191-6675},
  url = {http://dx.doi.org/10.1007/978-3-319-62226-2},
  DOI = {10.1007/978-3-319-62226-2},
  journal = {Universitext},
  publisher = {Springer International Publishing},
  author = {Baldi,  Paolo},
  year = {2017}
}

@book{Vallis2017,
  title = {Atmospheric and Oceanic Fluid Dynamics: Fundamentals and Large-Scale Circulation},
  ISBN = {9781107588417},
  url = {http://dx.doi.org/10.1017/9781107588417},
  DOI = {10.1017/9781107588417},
  publisher = {Cambridge University Press},
  author = {Vallis,  Geoffrey K.},
  year = {2017},
  month = jun 
}
