@book{Chorin2013,
  title = {Stochastic Tools in Mathematics and Science},
  ISBN = {9781461469803},
  ISSN = {2196-9949},
  url = {http://dx.doi.org/10.1007/978-1-4614-6980-3},
  DOI = {10.1007/978-1-4614-6980-3},
  journal = {Texts in Applied Mathematics},
  publisher = {Springer New York},
  author = {Chorin,  Alexandre J. and Hald,  Ole H},
  year = {2013}
}

@article{Chekroun2021,
  title = {Stochastic rectification of fast oscillations on slow manifold closures},
  volume = {118},
  ISSN = {1091-6490},
  url = {http://dx.doi.org/10.1073/pnas.2113650118},
  DOI = {10.1073/pnas.2113650118},
  number = {48},
  journal = {Proceedings of the National Academy of Sciences},
  publisher = {Proceedings of the National Academy of Sciences},
  author = {Chekroun,  MickaÃ«l D. and Liu,  Honghu and McWilliams,  James C.},
  year = {2021},
  month = nov 
}
