@book{Chekroun2015A,
  author    = {Chekroun, Mickaël D. and Liu, Honghu and Wang, Shouhong},
  title     = {Approximation of Stochastic Invariant Manifolds: Stochastic Manifolds for Nonlinear SPDEs I},
  journal   = {SpringerBriefs in Mathematics},
  year      = {2015},
  publisher = {Springer International Publishing},
  isbn      = {9783319124964},
  issn      = {2191-8201},
  doi       = {10.1007/978-3-319-12496-4},
  url       = {http://dx.doi.org/10.1007/978-3-319-12496-4}
}

@book{Chekroun2015B,
  author    = {Chekroun, Mickaël D. and Liu, Honghu and Wang, Shouhong},
  title     = {Stochastic Parameterizing Manifolds and Non-Markovian Reduced Equations: Stochastic Manifolds for Nonlinear SPDEs II},
  journal   = {SpringerBriefs in Mathematics},
  year      = {2015},
  publisher = {Springer International Publishing},
  isbn      = {9783319125206},
  issn      = {2191-8201},
  doi       = {10.1007/978-3-319-12520-6},
  url       = {http://dx.doi.org/10.1007/978-3-319-12520-6}
}

@book{Pavliotis2008,
  author    = {Pavliotis, Grigorios A. and Stuart, Andrew},
  title     = {Multiscale Methods: Averaging and Homogenization},
  journal   = {Springer Science \& Business Media},
  volume    = {53},
  year      = {2008},
  publisher = {Springer Science \& Business Media}
}

@book{Chorin2013,
  author    = {Chorin, Alexandre J. and Hald, Ole H.},
  title     = {Stochastic Tools in Mathematics and Science},
  journal   = {Texts in Applied Mathematics},
  year      = {2013},
  publisher = {Springer New York},
  isbn      = {9781461469803},
  issn      = {2196-9949},
  doi       = {10.1007/978-1-4614-6980-3},
  url       = {http://dx.doi.org/10.1007/978-1-4614-6980-3}
}

@book{Evans2014,
  author    = {Evans, Lawrence C.},
  title     = {An Introduction to Stochastic Differential Equations},
  year      = {2014},
  month     = jan,
  address   = {Providence, RI},
  publisher = {American Mathematical Society}
}

@misc{uspJanus,
  author        = {{Sistema Janus - USP}},
  title         = {{Ondas em Fluidos Geofísicos}},
  year          = {2025},
  howpublished  = {\url{https://uspdigital.usp.br/janus/componente/disciplinasOferecidasInicial.jsf?action=3&sgldis=MAP5007}},
  note          = {Disponível em: acesso em 08 maio 2025},
  institution   = {Universidade de São Paulo}
}

@misc{TaylorL80,
  author        = {Taylor, Lucas Amaral},
  title         = {{Lorenz80: Estudo do modelo de Lorenz (1980)}},
  year          = {2025},
  howpublished  = {\url{https://github.com/lucasamtaylor01/Lorenz80}},
  note          = {Disponível em: acesso em 08 maio 2025},
  institution   = {Universidade de São Paulo}
}

@article{Lorenz1980,
  author        = {Lorenz, Edward N.},
  title         = {Attractor Sets and Quasi-Geostrophic Equilibrium},
  journal       = {Journal of Atmospheric Sciences},
  year          = {1980},
  publisher     = {American Meteorological Society},
  address       = {Boston MA, USA},
  volume        = {37},
  number        = {8},
  pages         = {1685--1699},
  doi           = {10.1175/1520-0469(1980)037<1685:ASAQGE>2.0.CO;2},
  url           = {https://journals.ametsoc.org/view/journals/atsc/37/8/1520-0469_1980_037_1685_asaqge_2_0_co_2.xml}
}

@article{Chekroun2021,
  author    = {Chekroun, Mickaël D. and Liu, Honghu and McWilliams, James C.},
  title     = {Stochastic rectification of fast oscillations on slow manifold closures},
  journal   = {Proceedings of the National Academy of Sciences},
  volume    = {118},
  number    = {48},
  year      = {2021},
  month     = nov,
  issn      = {1091-6490},
  doi       = {10.1073/pnas.2113650118},
  url       = {http://dx.doi.org/10.1073/pnas.2113650118},
  publisher = {Proceedings of the National Academy of Sciences}
}

@article{Chekroun2017,
  author    = {Chekroun, Mickaël D. and Liu, Honghu and McWilliams, James C.},
  title     = {The emergence of fast oscillations in a reduced primitive equation model and its implications for closure theories},
  journal   = {Computers \& Fluids},
  volume    = {151},
  pages     = {3--22},
  year      = {2017},
  month     = jun,
  issn      = {0045-7930},
  doi       = {10.1016/j.compfluid.2016.07.005},
  url       = {http://dx.doi.org/10.1016/j.compfluid.2016.07.005},
  publisher = {Elsevier BV}
}

@misc{julialang,
  author        = {{Julia contributors}},
  title         = {The Julia Programming Language},
  year          = {2024},
  howpublished  = {\url{https://julialang.org/}},
  note          = {Disponível em: acesso em 23 maio 2025}
}

@article{Chorin2002,
  author    = {Chorin, Alexandre J. and Hald, Ole H. and Kupferman, Raz},
  title     = {Optimal prediction with memory},
  journal   = {Physica D: Nonlinear Phenomena},
  volume    = {166},
  number    = {3},
  pages     = {239--257},
  year      = {2002},
  issn      = {0167-2789},
  doi       = {10.1016/S0167-2789(02)00446-3},
  url       = {https://www.sciencedirect.com/science/article/pii/S0167278902004463}
}

@article{Chorin2000,
  author    = {Chorin, Alexandre J. and Hald, Ole H. and Kupferman, Raz},
  title     = {Optimal prediction and the Mori--Zwanzig representation of irreversible processes},
  journal   = {Proceedings of the National Academy of Sciences},
  volume    = {97},
  number    = {7},
  pages     = {2968--2973},
  year      = {2000},
  doi       = {10.1073/pnas.97.7.2968},
  url       = {https://www.pnas.org/doi/abs/10.1073/pnas.97.7.2968},
}

@article{Gouasmi2017,
  author    = {Gouasmi, Ayoub and Parish, Eric J. and Duraisamy, Karthik},
  title     = {\textit{A priori} estimation of memory effects in reduced-order models of nonlinear systems using the Mori--Zwanzig formalism},
  journal   = {Proceedings of the Royal Society A: Mathematical, Physical and Engineering Sciences},
  volume    = {473},
  number    = {2205},
  pages     = {20170385},
  year      = {2017},
  doi       = {10.1098/rspa.2017.0385},
  url       = {https://royalsocietypublishing.org/doi/abs/10.1098/rspa.2017.0385},
}

@misc{SDEJulia,
  title        = {Stochastic Differential Equations · DifferentialEquations.jl},
  author       = {{SciML Team}},
  year         = {2025},
  url          = {https://docs.sciml.ai/DiffEqDocs/stable/tutorials/sde_example/},
  note         = {Acessado em: 1 de junho de 2025}
}

@misc{Python,
  author       = {{Python Software Foundation}},
  title        = {The Python Programming Language},
  year         = 2025,
  url          = {https://www.python.org/},
  note         = {Acesso em: 12 jun. 2025}
}

@misc{pandas,
  author        = {{The pandas development team}},
  title         = {Pandas - Python Data Analysis Library},
  year          = {2025},
  howpublished  = {\url{https://pandas.pydata.org/}},
  note          = {Disponível em: acesso em 14 junho 2025}
}

@misc{numpy,
  author        = {{The NumPy development team}},
  title         = {NumPy},
  year          = {2025},
  howpublished  = {\url{https://numpy.org/}},
  note          = {Disponível em: acesso em 14 junho 2025}
}
