@article{Chekroun2021,
  author    = {Chekroun, Mickaël D. and Liu, Honghu and McWilliams, James C.},
  title     = {Stochastic rectification of fast oscillations on slow manifold closures},
  journal   = {Proceedings of the National Academy of Sciences},
  volume    = {118},
  number    = {48},
  year      = {2021},
  month     = nov,
  issn      = {1091-6490},
  doi       = {10.1073/pnas.2113650118},
  url       = {http://dx.doi.org/10.1073/pnas.2113650118},
  publisher = {Proceedings of the National Academy of Sciences}
}

@article{Chekroun2017,
  author    = {Chekroun, Mickaël D. and Liu, Honghu and McWilliams, James C.},
  title     = {The emergence of fast oscillations in a reduced primitive equation model and its implications for closure theories},
  journal   = {Computers \& Fluids},
  volume    = {151},
  pages     = {3--22},
  year      = {2017},
  month     = jun,
  issn      = {0045-7930},
  doi       = {10.1016/j.compfluid.2016.07.005},
  url       = {http://dx.doi.org/10.1016/j.compfluid.2016.07.005},
  publisher = {Elsevier BV}
}

@book{Chorin2013,
  author    = {Chorin, Alexandre J. and Hald, Ole H.},
  title     = {Stochastic Tools in Mathematics and Science},
  journal   = {Texts in Applied Mathematics},
  year      = {2013},
  publisher = {Springer New York},
  isbn      = {9781461469803},
  issn      = {2196-9949},
  doi       = {10.1007/978-1-4614-6980-3},
  url       = {http://dx.doi.org/10.1007/978-1-4614-6980-3}
}
