@article{Lorenz1980,
  title = {Attractor Sets and Quasi-Geostrophic Equilibrium},
  volume = {37},
  ISSN = {1520-0469},
  url = {http://dx.doi.org/10.1175/1520-0469(1980)037<1685:ASAQGE>2.0.CO;2},
  DOI = {10.1175/1520-0469(1980)037<1685:asaqge>2.0.co;2},
  number = {8},
  journal = {Journal of the Atmospheric Sciences},
  publisher = {American Meteorological Society},
  author = {Lorenz,  Edward N.},
  year = {1980},
  month = aug,
  pages = {1685–1699}
}

@book{Chorin2013,
  title = {Stochastic Tools in Mathematics and Science},
  ISBN = {9781461469803},
  ISSN = {2196-9949},
  url = {http://dx.doi.org/10.1007/978-1-4614-6980-3},
  DOI = {10.1007/978-1-4614-6980-3},
  journal = {Texts in Applied Mathematics},
  publisher = {Springer New York},
  author = {Chorin,  Alexandre J. and Hald,  Ole H},
  year = {2013}
}

@article{Chekroun2021,
  title = {Stochastic rectification of fast oscillations on slow manifold closures},
  volume = {118},
  ISSN = {1091-6490},
  url = {http://dx.doi.org/10.1073/pnas.2113650118},
  DOI = {10.1073/pnas.2113650118},
  number = {48},
  journal = {Proceedings of the National Academy of Sciences},
  publisher = {Proceedings of the National Academy of Sciences},
  author = {Chekroun,  Mickaël D. and Liu,  Honghu and McWilliams,  James C.},
  year = {2021},
  month = nov 
}
