@book{Pavliotis2008,
  author    = {Pavliotis, Grigorios A. and Stuart, Andrew},
  title     = {Multiscale Methods: Averaging and Homogenization},
  journal   = {Springer Science \& Business Media},
  volume    = {53},
  year      = {2008},
  publisher = {Springer Science \& Business Media}
}

@article{Rackauckas2017,
  title={Differential{E}quations.jl--a performant and feature-rich ecosystem for solving differential equations in {J}ulia},
  author={Rackauckas, Christopher and Nie, Qing},
  journal={Journal of Open Research Software},
  volume={5},
  number={1},
  year={2017},
  publisher={Ubiquity Press}
}

@book{Evans2014,
  author    = {Evans, Lawrence C.},
  title     = {An Introduction to Stochastic Differential Equations},
  year      = {2014},
  month     = jan,
  address   = {Providence, RI},
  publisher = {American Mathematical Society}
}

@book{Pavliotis2014,
  title = {Stochastic Processes and Applications: Diffusion Processes,  the Fokker-Planck and Langevin Equations},
  ISBN = {9781493913237},
  ISSN = {2196-9949},
  DOI = {10.1007/978-1-4939-1323-7},
  journal = {Texts in Applied Mathematics},
  publisher = {Springer New York},
  author = {Pavliotis,  Grigorios A.},
  year = {2014}
}
