@article{Lorenz1980,
  title = {Attractor Sets and Quasi-Geostrophic Equilibrium},
  volume = {37},
  ISSN = {1520-0469},
  DOI = {10.1175/1520-0469(1980)037<1685:asaqge>2.0.co;2},
  number = {8},
  journal = {Journal of the Atmospheric Sciences},
  publisher = {American Meteorological Society},
  author = {Lorenz,  Edward N.},
  year = {1980},
  month = aug,
  pages = {1685–1699}
}

@book{Vallis2017,
  title = {Atmospheric and Oceanic Fluid Dynamics: Fundamentals and Large-Scale Circulation},
  ISBN = {9781107588417},
  DOI = {10.1017/9781107588417},
  publisher = {Cambridge University Press},
  author = {Vallis,  Geoffrey K.},
  year = {2017},
  month = jun 
}

@article{Rackauckas2017,
  title={Differential{E}quations.jl--a performant and feature-rich ecosystem for solving differential equations in {J}ulia},
  author={Rackauckas, Christopher and Nie, Qing},
  journal={Journal of Open Research Software},
  volume={5},
  number={1},
  year={2017},
  publisher={Ubiquity Press}
}

@article{Chekroun2021,
  author    = {Chekroun, Mickaël D. and Liu, Honghu and McWilliams, James C.},
  title     = {Stochastic rectification of fast oscillations on slow manifold closures},
  journal   = {Proceedings of the National Academy of Sciences},
  volume    = {118},
  number    = {48},
  year      = {2021},
  month     = nov,
  issn      = {1091-6490},
  doi       = {10.1073/pnas.2113650118},
  url       = {http://dx.doi.org/10.1073/pnas.2113650118},
  publisher = {Proceedings of the National Academy of Sciences}
}

@article{Lorenz1963,
  author  = {E. N. Lorenz},
  title   = {Deterministic Nonperiodic Flow},
  journal = {Journal of the Atmospheric Sciences},
  year    = {1963},
  volume  = {20},
  number  = {2},
  pages   = {130--141},
  doi     = {10.1175/1520-0469(1963)020<0130:DNF>2.0.CO;2}
}

@book{Pavliotis2008,
    author = {Pavliotis, Grigorios A. and Stuart, Andrew},
    ISBN = {9780387738291},
    title = {Multiscale Methods: Averaging and Homogenization},
    DOI = {10.1007/978-0-387-73829-1},
    journal = {Texts Applied in Mathematics},
    publisher = {Springer New York},
    year = {2008}
}

@book{Evans2014,
  author    = {Evans, Lawrence C.},
  title     = {An Introduction to Stochastic Differential Equations},
  year      = {2014},
  month     = jan,
  address   = {Providence, RI},
  publisher = {American Mathematical Society}
}

@book{Pavliotis2014,
  title = {Stochastic Processes and Applications: Diffusion Processes,  the Fokker-Planck and Langevin Equations},
  ISBN = {9781493913237},
  ISSN = {2196-9949},
  DOI = {10.1007/978-1-4939-1323-7},
  journal = {Texts in Applied Mathematics},
  publisher = {Springer New York},
  author = {Pavliotis,  Grigorios A.},
  year = {2014}
}
